@book{Bourbaki,
  author          = {Bourbaki, Nicolas},
  title           = {Groupes et Algèbres de Lie},
  doi             = {https://doi.org/10.1007/978-3-540-35337-9},
  subtitle        = {Chapitre 1},
  publisher       = {Springer Berlin, Heidelberg},
  isbn            = {978-3-540-35337-9},
  year            = {2007},
  edition         = {1},
  series          = {Éléments de Mathématique},
  note            = {Édition originale publiée par Hermann, Paris, 1972},
}